@book{BradleySandifer2009,
  author       = {Robert E. Bradley and C. Edward Sandifer},
  title        = {Cauchy's Cours d'analyse: An Annotated Translation}, % Bạn cần thêm tên sách vào đây
  publisher    = {Springer},
  year         = {2009},
  address      = {Dordrecht, Heidelberg, London, New York},
  isbn         = {978-1-4419-0548-2},
  eisbn        = {978-1-4419-0549-9},
  doi          = {10.1007/978-1-4419-0549-9},
  series       = {Sources and Studies in The History of Mathematics and Physical Sciences}, % Bạn cần thêm tên series vào đây nếu có
  editor       = {J.Z. Buchwald},
  keywords     = {Mathematics, History},
  msc2010      = {01A55, 01A75, 00B50, 26-03, 30-03},
  note         = {Library of Congress Control Number: 2009932254},
  pages={306-307}
}
