@book{edwards2019pascal,
  title={Pascal's Arithmetical Triangle: The Story of a Mathematical Idea},
  author={Edwards, A. W. F.},
  year={2019},
  edition={Dover edition},
  publisher={Dover Publications, Inc.},
  address={Mineola, New York},
  isbn={9780486832791},
  lccn={2018052526},
  note={Originally published: London: C. Griffin; New York: Oxford University Press, 1987. Reissued: Baltimore, Maryland: Johns Hopkins University Press, 2002. A republication of the 2002 version by Johns Hopkins University Press. Includes bibliographical references and index.},
}